@misc{3drec,
  author      = {Alyssa Quek},
  title       = {3D reconstruction},
  publisher   = {GitHub},
  url         = {https://github.com/alyssaq/3Dreconstruction},
  lastchecked = {20. März 2023},
  year        = {2021}
}

@booklet{handreichung_digital,
  title     = {{Handreichung Digitale Grunderfassung}},
  publisher = {{Deutscher Museumsbund e. V.}},
  key       = {{Deutscher Museumsbund e. V.}},
  address   = {Berlin},
  url       = {{https://www.museumsbund.de/wp-content/uploads/2022/12/handreichung-digitale-grunderfassung.pdf}},
  year      = {2022},
  month     = {Dezember}
}

@book{hartley,
  title     = {{Multiple View Geometry in Computer Vision}},
  author    = {Hartley, Richard and Zisserman, Andrew },
  publisher = {Cambridge University Press},
  year      = {2003},
  address   = {Cambridge, Vereinigtes Königreich}
}

@book{luhmann,
  title     = {Nahbereichsphotogrammetrie Grundlagen - Methoden -  Beispiele},
  author    = {Luhmann, Thomas},
  publisher = {Wichmann},
  address   = {Berlin},
  year      = {2023},
  edition   = {5}
}


@misc{opencv,
  key         = {{OpenCV team}},
  publisher   = {{OpenCV team}},
  title       = {OpenCV},
  url         = {https://opencv.org/},
  lastchecked = {20. März 2023},
  year        = {2023}
}

@book{opendronemap,
  title     = {OpenDroneMap: the missing guide},
  author    = {Toffanin, Piero},
  publisher = {MasseranoLabs LLC},
  address   = {Saint Petersburg, Florida, Vereinigte Staaten},
  year      = {2019}
}

@misc{raspi_cam_datasheet,
  title       = {{Raspberry pi documentation - camera}},
  lastchecked = {22. Februar 2024},
  year        = {2023},
  url         = {https://www.raspberrypi.com/documentation/accessories/camera.html},
  key         = {{Raspberry Pi Foundation}},
  publisher   = {{Raspberry Pi Foundation}},
  address     = {Cambridge, Vereinigtes Königreich}
} 

@article{schneider,
  title     = {Optical 3-D measurement systems for quality control in industry},
  author    = {Schneider, Carl-Thomas and Sinnreich, Kurt},
  journal   = {International Archives of Photogrammetry and Remote Sensing},
  volume    = {29},
  pages     = {56--56},
  year      = {1993},
  publisher = {{International Society for Photogrammetry and Remote Sensing}}
}

@article{Lepetit2008,
  title     = {EPnP: An Accurate O(n) Solution to the PnP Problem},
  volume    = {81},
  issn      = {1573-1405},
  url       = {http://dx.doi.org/10.1007/s11263-008-0152-6},
  doi       = {10.1007/s11263-008-0152-6},
  number    = {2},
  journal   = {International Journal of Computer Vision},
  publisher = {Springer Science and Business Media LLC},
  author    = {Lepetit,  Vincent and Moreno-Noguer,  Francesc and Fua,  Pascal},
  year      = {2008},
  month     = jul,
  pages     = {155–166}
}

@inproceedings{spsr,
  booktitle = {Symposium on Geometry Processing},
  editor    = {Alla Sheffer and Konrad Polthier},
  title     = {{Poisson Surface Reconstruction}},
  author    = {Kazhdan, Michael and Bolitho, Matthew and Hoppe, Hugues},
  year      = {2006},
  publisher = {The Eurographics Association},
  issn      = {1727-8384},
  isbn      = {3-905673-24-X},
  doi       = {10.2312/SGP/SGP06/061-070}
}


@book{kraus,
  title     = {Photogrammetrie: Geometrische Informationen aus Photographien und Laserscanneraufnahmen},
  author    = {Karl Kraus},
  year      = {2004},
  publisher = {Walter de Gruyter},
  volume    = {1},
  address   = {Berlin},
  edition   = {7},
  isbn      = {978-3-11-017708-4}
}


@article{ccct,
  author         = {Liu, Yan and Su, Xin and Guo, Xiang and Suo, Tao and Yu, Qifeng},
  title          = {A Novel Concentric Circular Coded Target, and Its Positioning and Identifying Method for Vision Measurement under Challenging Conditions},
  journal        = {Sensors},
  volume         = {21},
  year           = {2021},
  number         = {3},
  article-number = {855},
  url            = {https://www.mdpi.com/1424-8220/21/3/855},
  pubmedid       = {33525342},
  issn           = {1424-8220},
  doi            = {10.3390/s21030855}
}


