@book{luhmann,
    title = {Nahbereichsphotogrammetrie Grundlagen - Methoden -  Beispiele},
    author = {Luhmann, Thomas},
    publisher = {Wichmann},
    year = {2018},
    edition = {4., neu bearbeitete und erweiterte Auflage},
    url = {https://www.content-select.com/index.php?id=bib_view&ean=9783879076413}
}

@book {hartley,
    title = {{Multiple View Geometry in Computer Vision}},
    author = {Hartley, Richard and Zisserman, Andrew },
    publisher = {Cambridge University Press},
    year = {2003},
    address = {Cambridge, Vereinigtes Königreich}
}

@book{
    opendronemap,
    title = {OpenDroneMap: the missing guide},
    author = {Toffanin, Piero},
    publisher = {MasseranoLabs LLC},
    year = {2019}
}

@misc{
    3drec,
    author = {Alyssa Quek},
    title = {3D reconstruction},
    publisher = {GitHub},
    url = {https://github.com/alyssaq/3Dreconstruction},
    lastchecked = {20. März 2023},
    year = {2021}
}

@misc{
    opencv,
    author = {{OpenCV team}},
    title = {OpenCV},
    url = {https://opencv.org/},
    lastchecked = {20. März 2023},
    year = {2023}
}